<record><leader>00000cas a2200000 a 4500</leader><controlfield tag="001">31476857</controlfield><controlfield tag="008">941117d1895189uvaudr ne      0    0eng c</controlfield><datafield ind1=" " ind2=" " tag="010"><subfield code="a">sn 94059445 </subfield></datafield><datafield ind1=" " ind2=" " tag="040"><subfield code="a">NVK</subfield><subfield code="b">eng</subfield><subfield code="c">NVK</subfield><subfield code="d">NVF</subfield><subfield code="d">OCLCQ</subfield><subfield code="d">OCLCF</subfield><subfield code="d">OCLCO</subfield></datafield><datafield ind1="1" ind2=" " tag="029"><subfield code="a">AU@</subfield><subfield code="b">000011358157</subfield></datafield><datafield ind1=" " ind2=" " tag="042"><subfield code="a">pcc</subfield></datafield><datafield ind1=" " ind2=" " tag="043"><subfield code="a">n-us-va</subfield></datafield><datafield ind1="0" ind2="0" tag="245"><subfield code="a">New daily pilot.</subfield></datafield><datafield ind1="1" ind2=" " tag="246"><subfield code="i">Published May 16, 1897- as:</subfield><subfield code="a">Daily pilot</subfield></datafield><datafield ind1=" " ind2=" " tag="260"><subfield code="a">Norfolk, Va. :</subfield><subfield code="b">New Pilot Pub. Co.,</subfield><subfield code="c">1895-</subfield></datafield><datafield ind1=" " ind2=" " tag="300"><subfield code="a">v.</subfield></datafield><datafield ind1=" " ind2=" " tag="310"><subfield code="a">Daily</subfield></datafield><datafield ind1="0" ind2=" " tag="362"><subfield code="a">Vol. 2, no. 134 (Sept. 14, 1895)-v. 2, no. 153 (Oct. 6, 1895) ; v. 1, no. 57 (Oct. 8, 1895)-</subfield></datafield><datafield ind1="1" ind2=" " tag="362"><subfield code="a">Ceased in Mar. 1898?</subfield></datafield><datafield ind1=" " ind2=" " tag="530"><subfield code="a">Available on microfilm from: Micro Photo Inc.</subfield></datafield><datafield ind1=" " ind2="0" tag="651"><subfield code="a">Norfolk (Va.)</subfield><subfield code="v">Newspapers.</subfield></datafield><datafield ind1=" " ind2="7" tag="655"><subfield code="a">Newspapers.</subfield><subfield code="2">fast</subfield><subfield code="0">(OCoLC)fst01423814</subfield></datafield><datafield ind1=" " ind2="7" tag="651"><subfield code="a">Virginia</subfield><subfield code="z">Norfolk.</subfield><subfield code="2">fast</subfield><subfield code="0">(OCoLC)fst01206844</subfield></datafield><datafield ind1=" " ind2=" " tag="752"><subfield code="a">United States</subfield><subfield code="b">Virginia</subfield><subfield code="d">Norfolk.</subfield></datafield><datafield ind1="0" ind2=" " tag="775"><subfield code="t">New weekly pilot</subfield><subfield code="w">(DLC)sn 94059444</subfield></datafield><datafield ind1="0" ind2="0" tag="780"><subfield code="t">Norfolk daily pilot</subfield><subfield code="w">(DLC)sn 94059447</subfield></datafield><datafield ind1="0" ind2="7" tag="785"><subfield code="t">Norfolk Virginian (Norfolk, Va. : Daily)</subfield><subfield code="w">(DLC)sn 85025715</subfield></datafield><datafield ind1="0" ind2="7" tag="785"><subfield code="t">Virginian-pilot (Norfolk, Va. : 1898)</subfield><subfield code="w">(DLC)sn 86071779</subfield></datafield></record>